@article{andrienko2018introduction,
  title={Introduction to liquid crystals},
  author={Andrienko, Denis},
  journal={Journal of Molecular Liquids},
  volume={267},
  pages={520--541},
  year={2018},
  publisher={Elsevier}
}
@article{tang2017orientation,
  title={Orientation of topological defects in 2D nematic liquid crystals},
  author={Tang, Xingzhou and Selinger, Jonathan V},
  journal={Soft matter},
  volume={13},
  number={32},
  pages={5481--5490},
  year={2017},
  publisher={Royal Society of Chemistry}
}
@article{simoes1991liquid,
  title={Liquid crystals and the Coulomb gas},
  author={Sim{\~o}es Filho, Manuel},
  journal={Revista Brasileira de F{\'\i}sica},
  volume={21},
  number={1},
  year={1991}
}
@article{vromans2016orientational,
  title={Orientational properties of nematic disclinations},
  author={Vromans, Arthur J and Giomi, Luca},
  journal={Soft matter},
  volume={12},
  number={30},
  pages={6490--6495},
  year={2016},
  publisher={Royal Society of Chemistry}
}
@article{foffano2014dynamics,
  title={The dynamics of colloidal intrusions in liquid crystals: A simulation perspective},
  author={Foffano, G and Lintuvuori, Juho S and Tiribocchi, A and Marenduzzo, D},
  journal={Liquid Crystals Reviews},
  volume={2},
  number={1},
  pages={1--27},
  year={2014},
  publisher={Taylor \& Francis}
}
@article{liang2021phase,
  title={Phase-field model of topological charge interaction force in nematic liquid crystals},
  author={Liang, Deshan and Ma, Xingqiao and Huang, Houbing},
  journal={Soft Materials},
  volume={19},
  number={4},
  pages={382--387},
  year={2021},
  publisher={Taylor \& Francis}
}
@article{chandrasekhar1986structure,
  title={The structure and energetics of defects in liquid crystals},
  author={Chandrasekhar, S and Ranganath, GS},
  journal={Advances in Physics},
  volume={35},
  number={6},
  pages={507--596},
  year={1986},
  publisher={Taylor \& Francis}
}
@article{missaoui2020annihilation,
  title={Annihilation of point defect pairs in freely suspended liquid-crystal films},
  author={Missaoui, Amine and Harth, Kirsten and Salamon, Peter and Stannarius, Ralf},
  journal={Physical Review Research},
  volume={2},
  number={1},
  pages={013080},
  year={2020},
  publisher={APS}
}
@article{harth2020topological,
  title={Topological point defects of liquid crystals in quasi-two-dimensional geometries},
  author={Harth, Kirsten and Stannarius, Ralf},
  journal={Frontiers in Physics},
  pages={112},
  year={2020},
  publisher={Frontiers}
}
@book{de1993physics,
  title={The physics of liquid crystals},
  author={De Gennes, Pierre-Gilles and Prost, Jacques},
  number={83},
  year={1993},
  publisher={Oxford university press}
}
@book{kleman2003soft,
  title={Soft matter physics: an introduction},
  author={Kleman, Maurice and Lavrentovich, Oleg D},
  year={2003},
  publisher={Springer}
}
@book{blinov2010structure,
  title={Structure and properties of liquid crystals},
  author={Blinov, Lev M},
  volume={123},
  year={2010},
  publisher={Springer Science \& Business Media}
}
@book{chandrasekhar1992liquid,
  title={Liquid Crystals — Second Edition},
  author={Chandrasekhar, S},
  year={1992},
  publisher={Cambridge University Press}
}
@book{chaikin1995principles,
  title={Principles of condensed matter physics},
  author={Chaikin, Paul M and Lubensky, Tom C and Witten, Thomas A},
  volume={10},
  year={1995},
  publisher={Cambridge university press Cambridge}
}
@misc{raynes1993liquid,
  title={Liquid Crystals—Second Edition, by S chandrasekhar, Cambridge University Press,(1992), ISBN 0-521-41747-3 (HB), ISBN 0-521-42741-X (PB)},
  author={Raynes, Peter},
  year={1993},
  publisher={Taylor \& Francis}
}

